@misc{ns-3,
  title = {The ns-3 network simulator. [{ONLINE}]},
  howpublished = {\url{http://www.nsnam.org/}},
}

@PhdThesis{srebrny,
  author = 	 {Srebrny, P.},
  title = 	 {CacheCast: a system for efficient single source multiple destination data transfer},
  school = 	 {University of Oslo},
  year = 	 {2011},
}
